@book{cite:optimization_on_matrix_manifolds,
	url = {https://doi.org/10.1515/9781400830244},
	title = {Optimization Algorithms on Matrix Manifolds},
	author = {P.-A. Absil and R. Mahony and Rodolphe Sepulchre},
	publisher = {Princeton University Press},
	address = {Princeton},
	doi = {doi:10.1515/9781400830244},
	isbn = {9781400830244},
	year = {2008},
	lastchecked = {2024-04-29}
}

@article{cite:riemannian_geometry_automatic_differentiation_quantum_physics,
	title={Riemannian geometry and automatic differentiation for optimization problems of quantum physics and quantum technologies},
	volume={23},
	ISSN={1367-2630},
	url={http://dx.doi.org/10.1088/1367-2630/ac0b02},
	DOI={10.1088/1367-2630/ac0b02},
	number={7},
	journal={New Journal of Physics},
	publisher={IOP Publishing},
	author={Luchnikov, Ilia A and Krechetov, Mikhail E and Filippov, Sergey N},
	year={2021},
	month=jul, pages={073006} 
}

@article{cite:riemannian_optimization_isometric_tensor_networks,
	title={Riemannian optimization of isometric tensor networks},
	volume={10},
	ISSN={2542-4653},
	url={http://dx.doi.org/10.21468/SciPostPhys.10.2.040},
	DOI={10.21468/scipostphys.10.2.040},
	number={2},
	journal={SciPost Physics},
	publisher={Stichting SciPost},
	author={Hauru, Markus and Van Damme, Maarten and Haegeman, Jutho},
	year={2021},
	month=feb }
